<record><leader>00000cas a22000007a 4500</leader><controlfield tag="001">19559420</controlfield><controlfield tag="008">890417d18981905aruwr ne      0    0eng d</controlfield><datafield ind1=" " ind2=" " tag="010"><subfield code="a">sn 89051148 </subfield></datafield><datafield ind1=" " ind2=" " tag="040"><subfield code="a">ANU</subfield><subfield code="b">eng</subfield><subfield code="c">ANU</subfield><subfield code="d">OCLCQ</subfield></datafield><datafield ind1=" " ind2=" " tag="042"><subfield code="a">msc</subfield></datafield><datafield ind1="0" ind2=" " tag="130"><subfield code="a">Courier (Corning, Ark.)</subfield></datafield><datafield ind1="1" ind2="4" tag="245"><subfield code="a">The Courier.</subfield></datafield><datafield ind1="1" ind2="3" tag="246"><subfield code="a">Clay County courier</subfield></datafield><datafield ind1=" " ind2=" " tag="260"><subfield code="a">Corning, Clay County, Ark. :</subfield><subfield code="b">C.C. Estes</subfield></datafield><datafield ind1=" " ind2=" " tag="300"><subfield code="a">v.</subfield></datafield><datafield ind1=" " ind2=" " tag="310"><subfield code="a">Weekly</subfield></datafield><datafield ind1="0" ind2=" " tag="362"><subfield code="a">Vol. 13, no. 36 (Mar. 4, 1898)-v. 21, no. 12 (Sept. 8, 1905).</subfield></datafield><datafield ind1=" " ind2=" " tag="752"><subfield code="a">United States</subfield><subfield code="b">Arkansas</subfield><subfield code="c">Clay</subfield><subfield code="d">Corning.</subfield></datafield><datafield ind1="0" ind2="0" tag="780"><subfield code="t">Clay County courier (Corning, Ark. : 1874)</subfield><subfield code="w">(DLC)sn 89051147</subfield></datafield><datafield ind1="0" ind2="0" tag="785"><subfield code="t">Corning courier</subfield><subfield code="w">(DLC)sn 89051149</subfield></datafield></record>